@misc{qstring,
  author = {{Q}t},
  title = {{Q}t Documentation - {QS}tring},
  howpublished = "\url{http://doc.qt.io/qt-4.8/qstring.html}",
  year = {2008}
}

@misc{mutz2015,
  author = {Mutz, Marc},
  title = {Effective {Q}t},
  howpublished = "\url{https://youtu.be/Ov7s0GgBbOQ?t=45m40s}",
  year = {2015}
}

@misc{mutz2011,
  author = {Mutz, Marc},
  title = {Understand the {Q}t Containers},
  howpublished = "\url{https://marcmutz.wordpress.com/effective-qt/containers/}"
}
